%  a sample bibliography file
%  


@article{an09,
    author = {Author, A N and Co-Author, B},
    title = {{The Transformation of Open Source Software}},
    journal = {MIS Quarterly},
    year = {2006},
    volume = {30},
    number = {3},
    pages = {-}
}

@article{co08,
    author = {Co-Author, B},
    title = {{Open source licensing and business models.}},
    journal = {THE ICFAI JOURNAL OF KNOWLEDGE MANAGEMENT},
    year = {2009},
    volume = {7},
    number = {-},
    pages = {68-94}
}

